@ARTICLE{vakbib1,
  author = {Фамилия, И. О.},
  title = {Название статьи},
  journal = {Журнал},
  year = {2013},
  volume = {1},
  number = {5},
  pages = {100--120},
  language = {russian},
}

@ARTICLE{vak-Slyaeva-2013,
	author = {Shlyaeva, A. and Tolstykh, M. and Mizyak, V. and Rogutov, V.},
	doi = {10.1515/rnam-2013-0023},
	issn = {1569-3988},
	journal = {Russian Journal of Numerical Analysis and Mathematical Modelling},
	month = {jan},
	number = {4},
	title = {Local ensemble transform Kalman filter data assimilation system for the global semi-Lagrangian atmospheric model},
	url = {http://www.degruyter.com/view/j/rnam.2013.28.issue-4/rnam-2013-0023/rnam-2013-0023.xml},
	volume = {28},
	year = {2013},
	language = {english}
	}

@ARTICLE{vak-Tolstykh-2015,
	author = {Tolstykh, M. A. and Geleyn, J.-F. and Volodin, E. M. and Bogoslovskii, N. N. and Vilfand, R. M. and Kiktev, D. B. and Krasjuk, T. V. and Kostrykin, S. V. and Mizyak, V. G. and Fadeev, R. Yu. and Shashkin, V. V. and Shlyaeva, A. V. and Ezau, I. N. and Yurova, A. Yu.},
	doi = {10.3103/S1068373915060035},
	issn = {1068-3739},
	journal = {Russian Meteorology and Hydrology},
	month = {jun},
	number = {6},
	pages = {374--382},
	title = {Development of the multiscale version of the SL-AV global atmosphere model},
	volume = {40},
	year = {2015},
    language = {english}
}

@ARTICLE{vak-Mizyak-2013,
    author = {Мизяк, В.Г. and Шляева, А.В. and Толстых, М.А.},
    journal = {Инженерный журнал: наука и инновации},
    number = {6},
    title = {Параллельная реализация локального ансамблевого фильтра Калмана для усвоения атмосферных данных},
    url = {http://engjournal.ru/articles/1102/1102.pdf},
    year = {2013},
    language = {russian}
}